@article{AmandaK2013,
    title={Time to initiation of breastfeeding and neonatal mortality and morbidity: a systematic review},
    author={Smith, Amanda K. and others},
    journal={BMC Public Health},
    volume={13},
    pages={19},
    year={2013},
    publisher={BioMed Central},
    doi={10.1186/1471-2458-13-19},
    url={https://pubmed.ncbi.nlm.nih.gov/24564770/}
}

@article{EmilyR2015,
    title={Delayed breastfeeding initiation and infant survival: A systematic review and meta-analysis},
    author={Smith, Emily R. and Hurt, Lisa and Chowdhury, Ranadip and Sinha, Bireshwar and Fawzi, Wafaie and Edmond, Karen M.},
    journal={PLoS One},
    volume={12},
    number={7},
    pages={e0180722},
    year={2017},
    publisher={Public Library of Science},
    doi={10.1371/journal.pone.0180722},
    url={https://pubmed.ncbi.nlm.nih.gov/28746353/}
}

@misc{who2021,
    title={Infant and young child feeding},
    author={{World Health Organization}},
    year={2021},
    howpublished={WHO Fact Sheet},
    note={Accessed: 2024},
    url={https://www.who.int/news-room/fact-sheets/detail/infant-and-young-child-feeding}
}